@misc{Knight2018Synthetic,
  title={Synthetic aperture radar processing},
  author={Knight, Chad P. and Gunther, Jacob H.},
  year= 2018
}

@article{Moreira2013A,
  title={A tutorial on synthetic aperture radar},
  author={Moreira, Alberto and Prats-Iraola, Pau and Younis, Marwan and Krieger, Gerhard and Hajnsek, Irena and Papathanassiou, Konstantinos P.},
  journal={IEEE Geoscience \& Remote Sensing Magazine},
  volume={1},
  number={1},
  pages={6-43},
  year=2013,
}

@article{李德仁2012高分辨率对地观测的若干前沿科学问题,
  title={高分辨率对地观测的若干前沿科学问题},
  author={李德仁 and 童庆禧 and 李荣兴 and 龚健雅 and 张良培},
  journal={中国科学:地球科学},
  number={6},
  pages={15-23},
  year=2012,
}

@article{Nunziata2012Reflection,
  title={Reflection Symmetry for Polarimetric Observation of Man-Made Metallic Targets at Sea},
  author={Nunziata, F. and Migliaccio, M. and Brown, C. E.},
  journal={IEEE Journal of Oceanic Engineering},
  volume={37},
  number={3},
  pages={p.384-394},
  year={2012},
}

@article{王兆成2017基于单极化,
  title={基于单极化SAR图像的舰船目标检测与分类方法},
  author={王兆成 and 李璐 and 杜兰 and 徐丰},
  journal={科技导报},
  number={20},
  pages={88-95},
  year=2017,
}

@article{article,
author = {Crisp, David},
year = {2004},
month = {05},
pages = {},
title = {The state-of-the-art in ship detection in Synthetic Aperture Radar imagery}
}

@article{Novak,
author = {Novak L M, Owirka G J, Netishen C M},
year = 1993,
journal={Lincoln Laboratory Journal},
month = {05},
pages = {11-24},
title = {Netishen C M. Performance of a high-resolution polarimetric SAR automatic target recognition system}
}

@article{Carretero2010Statistical,
  title={Statistical Analysis of a High-Resolution Sea-Clutter Database},
  author={Carretero-Moya, J. and Gismero-Menoyo, J. and Blanco-del-Campo, A. and Asensio-Lopez, A.},
  journal={IEEE Transactions on Geoscience \& Remote Sensing},
  volume={48},
  number={4},
  pages={p.2024-2037},
  year={2010},
}

@article{Q2000Automatic,
  title={Automatic Detection for Ship Target in SAR Imagery Using PNN-Model},
  author={Q. and Jiang and E. and Aitnouri and S. and Wang and \& and D. and Ziou},
  journal={Canadian Journal of Remote Sensing},
  year={2000},
}

@article{Gao2011A,
  title={A Parzen-Window-Kernel-Based CFAR Algorithm for Ship Detection in SAR Images},
  author={Gao, G.},
  journal={Geoscience \& Remote Sensing Letters IEEE},
  volume={8},
  number={3},
  pages={p.557-561},
  year={2011},
}

@inproceedings{Miao2017A,
  title={A modified faster R-CNN based on CFAR algorithm for SAR ship detection},
  author={Miao, Kang and Leng, Xiangguang and Zhao, Lin and Ji, Kefeng},
  booktitle={2017 International Workshop on Remote Sensing with Intelligent Processing (RSIP)},
  year={2017},
}

@ARTICLE{18677, 
 author={L. M. {Novak} and M. B. {Sechtin} and M. J. {Cardullo}},  
 journal={IEEE Transactions on Aerospace and Electronic Systems},  
 title={Studies of target detection algorithms that use polarimetric radar data},   
 year={1989},  
 volume={25},  
 number={2},  
 pages={150-165},
 }

@article{Touzi2015Optimization,
  title={Optimization of the Degree of Polarization for Enhanced Ship Detection Using Polarimetric RADARSAT-2},
  author={Touzi, Ridha and Hurley, Jeff and Vachon, Paris W},
  journal={IEEE Transactions on Geoscience \& Remote Sensing},
  volume={53},
  number={10},
  pages={5403-5424},
  year={2015},
}

@inproceedings{Novak1990Optimal,
  title={Optimal speckle reduction in polarimetric SAR imagery},
  author={Novak, L.M. and Burl, M.C.},
  year={1990},
}

@inproceedings{Lee1994K,
  title={K-distribution for multi-look processed polarimetric SAR imagery},
  author={Lee, J. S. and Schuler, D. L. and Lang, R. H. and Ranson, K. J.},
  booktitle={International Geoscience \& Remote Sensing Symposium},
  year={1994},
}

@article{Cameron1996Simulated,
  title={Simulated polarimetric signatures of primitive geometrical shapes},
  author={Cameron, W.L. and Youssef, N.N. and Leung, L.K.},
  journal={IEEE Transactions on Geoscience \& Remote Sensing},
  volume={34},
  number={3},
  pages={0-803},
  year={1996},
}

@ARTICLE{673687,
  author={A. {Freeman} and S. L. {Durden}},
  journal={IEEE Transactions on Geoscience and Remote Sensing}, 
  title={A three-component scattering model for polarimetric SAR data}, 
  year={1998},
  volume={36},
  number={3},
  pages={963-973},
  }

@article{Tao2017PolSAR,
  title={PolSAR Ship Detection Based on the Polarimetric Covariance Difference Matrix},
  author={Tao, Zhang and Zhen, Yang and Xiong, Huilin},
  journal={IEEE Journal of Selected Topics in Applied Earth Observations \& Remote Sensing},
  volume={10},
  number={7},
  pages={3348-3359},
  year={2017},
}

@article{J1986Speckle,
  title={Speckle Suppression and Analysis for Synthetic Aperture Radar Images},
  author={J. -S. Lee},
  journal={Optical Engineering},
  volume={25},
  number={5},
  pages={636-643},
  year={1986},
}

@article{Novak1989Optimal,
  title={Optimal Speckle Reduction In Pol-SAR Imagery And Its Effect On Target Detection},
  author={Novak, Leslie M. and Burl, Michael C.},
  journal={Proceedings of Spie the International Society for Optical Engineering},
  volume={1101},
  year={1989},
}

@ARTICLE{838811,
  author={D. {Blacknell}},
  journal={IEE Proceedings - Radar, Sonar and Navigation}, 
  title={Target detection in correlated SAR clutter}, 
  year={2000},
  volume={147},
  number={1},
  pages={9-16},
}

@book{book,
author = {Lee, Jong-Sen and Pottier, Eric},
year = {2009},
month = {02},
pages = {},
title = {Polarimetric Radar Imaging : From basics to applications.},
isbn = {9781420054989},
journal = {Polarimetric Radar Imaging: From Basics to Applications},
doi = {10.1201/9781420054989}
}

@article{Zhang2018Ship,
  title={Ship Detection From PolSAR Imagery Using the Complete Polarimetric Covariance Difference Matrix},
  author={Zhang, Tao and Ji, Jinsheng and Li, Xiaofeng and Yu, Wenxian and Xiong, Huilin},
  journal={IEEE Transactions on Geoscience \& Remote Sensing},
  volume={57},
  number={5},
  pages={2824-2839},
  year={2018},
}

@article{Liu2010Statistical,
  title={Statistical assessment of H/A target decomposition theorems in radar polarimetry},
  author={Liu, Tao and Huang, Gao Ming and Wang, Xue Song and Xiao, Shun Ping},
  journal={Science in China},
  number={2},
  pages={355-366},
  year={2010},
}

@INPROCEEDINGS{6087012,
  author={Y. {Cui} and J. {Yang} and Y. {Yamaguchi}},
  booktitle={2011 3rd International Asia-Pacific Conference on Synthetic Aperture Radar (APSAR)}, 
  title={CFAR ship detection in SAR images based on lognormal mixture models}, 
  year={2011},
  volume={},
  number={},
  pages={1-3},
  }

  @book{Lan2017Quaternionic,
  title={Quaternionic Weber Local Descriptor of Color Images},
  author={Lan, Rushi and Zhou, Yicong and Yuan, Yan Tang},
  publisher={IEEE Press},
  year={2017},
}

@article{Durden1990The,
  title={The Unpolarized Component in Polarimetric Radar Observations of Forested Areas},
  author={Durden, Stephen L. and Zyl, Jakob J. Van and Zebker, Howard A.},
  journal={Geoscience \& Remote Sensing IEEE Transactions on},
  volume={28},
  number={2},
  pages={268-271},
  year={1990},
}

@article{张程2018基于,
  title={基于PCDM香农熵的全极化SAR图像船舶目标检测方法},
  author={张程 and 张红 and 王超},
  journal={遥感技术与应用},
  volume={v.33；No.161},
  number={03},
  pages={125-133},
  year={2018},
}

@article{Song2017Ship,
  title={Ship Detection in Polarimetric SAR Images via Variational Bayesian Inference},
  author={Song, Shengli and Xu, Bin and Jian, Yang},
  journal={IEEE Journal of Selected Topics in Applied Earth Observations \& Remote Sensing},
  volume={PP},
  number={99},
  pages={1-11},
  year={2017},
}

@article{Marino2015Statistical,
  title={Statistical Tests for a Ship Detector Based on the Polarimetric Notch Filter},
  author={Marino, Armando and Hajnsek, Irena},
  journal={IEEE Transactions on Geoscience \& Remote Sensing},
  volume={53},
  number={8},
  pages={4578-4595},
  year={2015},
}

@inproceedings{Jin2012GPU,
  title={GPU-based Parallel Implementation of SAR Imaging},
  author={Jin, Xingxing and Ko, Seok Bum},
  booktitle={Electronic System Design (ISED), 2012 International Symposium on},
  year={2012},
}

@article{徐丰2017深度学习在,
  title={深度学习在SAR目标识别与地物分类中的应用},
  author={徐丰 and 王海鹏 and 金亚秋},
  journal={雷达学报},
  number={2},
  year={2017},
}

@inproceedings{Liu2009An,
  title={An Efficient SAR Processor Based on GPU via CUDA},
  author={Liu, Bin and Wang, Kaizhi and Liu, Xingzhao and Yu, Wenxian},
  booktitle={International Congress on Image \& Signal Processing},
  year={2009},
}

@article{Freitas2005The,
  title={The polarimetric G distribution for SAR data analysis},
  author={Freitas, Corina C. and Frery, Alejandro C. and Correia, Antonio H.},
  journal={Environmetrics},
  volume={16},
  number={1},
  pages={13-31},
  year={2005},
}

@inproceedings{Bombrun2008Segmentation,
  title={Segmentation of Polarimetric SAR Data based on the Fisher Distribution for Texture Modeling},
  author={Bombrun, Lionel and Beaulieu, J. M.},
  booktitle={Geoscience and Remote Sensing Symposium, 2008. IGARSS 2008. IEEE International},
  year={2008},
}